<?xml version="1.0" encoding="UTF-8"?>
<record xmlns="http://www.loc.gov/MARC21/slim">
   <leader>01193cam a2200253 a 4500</leader>
   <controlfield tag="001">1070350</controlfield>
   <controlfield tag="003">NjP</controlfield>
   <controlfield tag="005">20170613155218.0</controlfield>
   <controlfield tag="008">960717q19001996ua            000 0 ara d</controlfield>
   <datafield tag="024" ind1="7" ind2=" ">
      <subfield code="a">princeton_aco004236</subfield>
      <subfield code="2">local</subfield>
   </datafield>
   <datafield ind1=" " ind2=" " tag="035">
      <subfield code="a">(OCoLC)35143510</subfield>
   </datafield>
   <datafield ind1=" " ind2=" " tag="035">
      <subfield code="a">(CStRLIN)NJPG96-B39646</subfield>
   </datafield>
   <datafield ind1=" " ind2=" " tag="035">
      <subfield code="9">CCE9576TS</subfield>
   </datafield>
   <datafield ind1=" " ind2=" " tag="040">
      <subfield code="a">NjP</subfield>
      <subfield code="c">NjP</subfield>
   </datafield>
   <datafield ind1="1" ind2=" " tag="041">
      <subfield code="a">araeng</subfield>
      <subfield code="h">eng</subfield>
   </datafield>
   <datafield ind1="1" ind2=" " tag="100">
      <subfield code="a">Gairdner, W. H. T.</subfield>
      <subfield code="q">(William Henry Temple),</subfield>
      <subfield code="d">1873-1928.</subfield>
      <subfield code="0">http://id.loc.gov/authorities/names/n82219662</subfield>
   </datafield>
   <datafield ind1="1" ind2="0" tag="240">
      <subfield code="a">Changes in the character of the missionary problem.</subfield>
      <subfield code="l">Arabic &amp; English</subfield>
   </datafield>
   <datafield ind1="1" ind2="3" tag="245">
      <subfield code="a">al-Wathīqah al-Islām al-khaṭar! :</subfield>
      <subfield code="b">naṣṣ al-khiṭāb alladhī alqāhu W.H.T. Jāyirdnir fī muʾtamar Idinburah lil-tabshīr (al-tanṣīr) al-dawlī al-munʻaqid bi-al-Qāhirah ʻashīyat al-Sabt 18 Yūniyū 1910 M /</subfield>
      <subfield code="c">Maḥmūd al-Shādhilī.</subfield>
   </datafield>
   <datafield ind1=" " ind2=" " tag="260">
      <subfield code="a">[Cairo] :</subfield>
      <subfield code="b">Kitāb al-Mukhtār,</subfield>
      <subfield code="c">[19--]</subfield>
   </datafield>
   <datafield ind1=" " ind2=" " tag="300">
      <subfield code="a">36 p., p. 251-264 ;</subfield>
      <subfield code="c">20 cm.</subfield>
   </datafield>
   <datafield ind1=" " ind2="0" tag="440">
      <subfield code="a">Naḥwa ṭalāʾiʻ Islāmīyah waʻīyah ;</subfield>
      <subfield code="v">29</subfield>
   </datafield>
   <datafield ind1=" " ind2=" " tag="546">
      <subfield code="a">In Arabic and English.</subfield>
   </datafield>
   <datafield ind1=" " ind2="0" tag="650">
      <subfield code="a">Missions to Muslims.</subfield>
      <subfield code="0">http://id.loc.gov/authorities/subjects/sh85086165</subfield>
   </datafield>
   <datafield ind1=" " ind2=" " tag="998">
      <subfield code="a">07/17/96</subfield>
      <subfield code="s">9114</subfield>
      <subfield code="n">NjP</subfield>
      <subfield code="d">07/17/96</subfield>
      <subfield code="c">JEB</subfield>
      <subfield code="b">JEB</subfield>
      <subfield code="i">960717</subfield>
      <subfield code="l">NJPG</subfield>
   </datafield>
   <datafield ind1=" " ind2=" " tag="911">
      <subfield code="a">19960725</subfield>
   </datafield>
   <datafield ind1=" " ind2=" " tag="912">
      <subfield code="a">19960717000000.0</subfield>
   </datafield>
   <datafield ind1="0" ind2="0" tag="852">
      <subfield code="0">1232280</subfield>
      <subfield code="b">rcppa</subfield>
      <subfield code="t">1</subfield>
      <subfield code="h">BV2625</subfield>
      <subfield code="i">.G347 1900z</subfield>
      <subfield code="x">tr fr arab</subfield>
   </datafield>
   <datafield ind1=" " ind2=" " tag="959">
      <subfield code="a">2000-06-13 00:00:00 -0500</subfield>
   </datafield>
</record>
